
@article{IMPAGLIAZZO2000,
title = {On the Complexity of k-SAT},
journal = {Journal of Computer and System Sciences},
volume = {62},
number = {2},
pages = {367-375},
year = {2001},
issn = {0022-0000},
doi = {10.1006/jcss.2000.1727},
author = {Russell Impagliazzo and Ramamohan Paturi}
}

@COMMENT{ url = {https://
www.sciencedirect.com
/science/article/
pii/S0022000000917276}}

@article{CHEN2006,
title = {Strong computational lower bounds via parameterized complexity},
journal = {Journal of Computer and System Sciences},
volume = {72},
number = {8},
pages = {1346-1367},
year = {2006},
issn = {0022-0000},
doi = {10.1016/j.jcss.2006.04.007},
author = {Jianer Chen and Xiuzhen Huang and Iyad A. Kanj and Ge Xia}
}

@COMMENT{url = {https://www.sciencedirect.com/science/article/pii/S0022000006000675},}

@misc{kolmogorov2022,
      title={A computational study of Gomory-Hu
       construction tree algorithms}, 
      author={Vladimir Kolmogorov},
      year={2022},
      eprint={2204.10169},
      archivePrefix={arXiv},
      primaryClass={cs.DS}
}

@article{GomoryHu1961,
title = {Multi-Terminal Network Flows},
author = {Gomory, R. E. and Hu, T. C.},
journal = {Journal of the Society for Industrial and Applied Mathematics},
volume = {9},
number = {4},
pages = {551-570},
year = {1961},
doi = {10.1137/0109047},
URL = {     
        https://doi.org/10.1137/0109047
},
eprint = {     
        https://doi.org/10.1137/0109047
},
abstract = {}
}
@article{Abbound2021,
  author       = {Amir Abboud and
                  Robert Krauthgamer and
                  Ohad Trabelsi},
  title        = {{APMF} $<$ APSP? Gomory-Hu Tree for Unweighted Graphs in Almost-Quadratic time},
  journal      = {CoRR},
  volume       = {abs/2106.02981},
  year         = {2021},
  url          = {https://arxiv.org/abs/2106.02981},
  eprinttype    = {arXiv},
  eprint       = {2106.02981},
  timestamp    = {Thu, 10 Jun 2021 16:34:18 +0200},
  biburl       = {https://dblp.org/rec/journals/corr/abs-2106-02981.bib},
  bibsource    = {dblp computer science bibliography, https://dblp.org}
}

@article{Jordan1869,
	author = {Camille Jordan},
	title = {Sur les assemblages de lignes},
	journal = {Journal für die reine und angewandte Mathematik },
	volume = {70},
	number = {2},
	pages = {185-190},
	year = {1869}
	}
@article{ErdosANDszekeres1935,
	author = { Erdős, Paul; Szekeres, George},
	title = {A combinatorial problem in geometry},
	journal = {Compositio Mathematica},
	volume = {2},
	pages = {463-470},
	year = {1935}
	}
@article{LuceANDPerry1949,
	author = {Luce, R. Duncan; Perry, Albert D.},
	title = {A method of matrix analysis of group structure},
	journal = {Psychometrika},
	volume = {14},
	number = {2},
	pages = {95-116},
	year = {1949},
	doi = {10.1007/BF02289146}
}
@article{TsukiyamaETAL1977,
	author = {Tsukiyama, S.; Ide, M.; Ariyoshi, I.; Shirakawa, I.},
	title = {A new algorithm for generating all the maximal independent sets},
	journal = {SIAM Journal on Computing},
	volume = {6},
	number = {3},
	pages = {505-517},
	year = {1977},
	doi = {10.1137/0206036}
	}
@article{HarayANDRoss1957,
	author = {Harary, F.; Ross, I. C.},
	title = {A procedure for clique detection using the group matrix},
	journal = {Sociometry},
publisher = {American Sociological Association},
volume = {20},
number = {3},
pages = {205-215},
year = {1957},
doi = {10.2307/2785673}
}
